@inproceedings{review,
    author = {Hameed, Rehan and Qadeer, Wajahat and Wachs, Megan and Azizi,
        Omid and Solomatnikov, Alex and Lee, Benjamin C. and Richardson,
        Stephen and Kozyrakis, Christos and Horowitz, Mark},
    title = {Understanding Sources of Inefficiency in General-purpose Chips},
    booktitle = {Proceedings of the 37th Annual International Symposium on
        Computer Architecture},
    series = {ISCA '10},
    year = {2010},
    isbn = {978-1-4503-0053-7},
    location = {Saint-Malo, France},
    pages = {37--47},
    numpages = {11},
    url = {http://doi.acm.org/10.1145/1815961.1815968},
    doi = {10.1145/1815961.1815968},
    acmid = {1815968},
    publisher = {ACM},
    address = {New York, NY, USA},
    keywords = {ASIC, chip multiprocessor, customization, energy
        efficiency, h.264, high performance, tensilica},
} 
