@INPROCEEDINGS{40, 
    author={A. Shye and B. Scholbrock and G. Memik}, 
    booktitle={Microarchitecture, 2009. MICRO-42. 42nd Annual IEEE/ACM
        International Symposium on}, 
    title={Into the wild: Studying real user activity patterns to guide power
        optimizations for mobile architectures}, 
    year={2009}, 
    pages={168-178}, 
    keywords={computer architecture;human factors;mobile
        handsets;optimisation;power aware computing;power consumption;regression
            analysis;Android G1 mobile phones;CPU;active screen
            time;battery-driven devices;energy consumption;mobile
            architectures;power optimizations;real user activity
            patterns;regression-based power estimation model;user
            satisfaction;Brightness;Computer architecture;Energy
            consumption;Hardware;Mobile computing;Mobile
            handsets;Permission;Pervasive computing;Power measurement;Predictive
            models;Design;Human Factors;Measurement}, 
    ISSN={1072-4451}, 
    month={Dec},
}

@inproceedings{45,
     author = {Yan, Le and Zhong, Lin and Jha, Niraj K.},
      title = {User-perceived Latency Driven Voltage Scaling for Interactive
          Applications},
       booktitle = {Proceedings of the 42Nd Annual Design Automation
           Conference},
        series = {DAC '05},
         year = {2005},
          isbn = {1-59593-058-2},
           location = {Anaheim, California, USA},
            pages = {624--627},
             numpages = {4},
              url = {http://doi.acm.org/10.1145/1065579.1065743},
               doi = {10.1145/1065579.1065743},
                acmid = {1065743},
                 publisher = {ACM},
                  address = {New York, NY, USA},
                   keywords = {adaptive body biasing, computer responsiveness,
                       dynamic voltage scaling, power consumption},
}

@INPROCEEDINGS{sprinting, 
    author={A. Raghavan and Y. Luo and A. Chandawalla and M. Papaefthymiou and
        K. P. Pipe and T. F. Wenisch and M. M. K. Martin}, 
    booktitle={High Performance Computer Architecture (HPCA), 2012 IEEE 18th
        International Symposium on}, 
    title={Computational sprinting}, 
    year={2012}, 
    pages={1-12}, 
    keywords={mobile computing;power aware computing;1W mobile
        platform;computational sprinting;intense parallel computation;parallel
            sprinting;power density;powered-down cores;smart-phone-like
            system;sustainable thermal power budget;transistor
            density;Capacitance;Heating;Mobile communication;Phase change
            materials;Silicon;Thermal conductivity}, 
    doi={10.1109/HPCA.2012.6169031}, 
    ISSN={1530-0897}, 
    month={Feb},
}
