@PHDTHESIS {Huang:2013,
    author = "Shaoming Huang",
    title  = "Effective Methods for Debugging Concurrent Software",
    school = "The Hong Kong University of Science and Technology",
    year   = "2013"
}
