@INPROCEEDINGS{drowsy, 
    author={K. Flautner and Nam Sung Kim and S. Martin and D. Blaauw and T.
        Mudge}, 
    booktitle={Computer Architecture, 2002. Proceedings. 29th Annual
        International Symposium on}, 
    title={Drowsy caches: simple techniques for reducing leakage power}, 
    year={2002}, 
    pages={148-157}, 
    keywords={CMOS memory circuits;cache storage;memory architecture;power
        consumption;total energy;ABB-MTCMOS;CMOS circuits;cache memory;cold
            cache lines;drowsy caches;leakage energy;leakage power
            reduction;power consumption;Circuit simulation;Computer
            architecture;Dynamic voltage scaling;Energy
            consumption;Inverters;Leakage current;Predictive
            models;Semiconductor device modeling;Threshold voltage;Voltage
            control}, 
    doi={10.1109/ISCA.2002.1003572}, 
    ISSN={1063-6897}, 
    month={},
}

