@INPROCEEDINGS{Herlihy:1993, 
author={M. Herlihy and J. Eliot and B. Moss}, 
booktitle={Computer Architecture, 1993., Proceedings of the 20th Annual International Symposium on}, 
title={Transactional Memory: Architectural Support For Lock-free Data Structures}, 
year={1993}, 
pages={289-300}, 
keywords={Computer architecture;Computer science;Data structures;Laboratories;Programming profession;Protocols;Read-write memory;Registers;Software performance;System recovery}, 
doi={10.1109/ISCA.1993.698569}, 
month={May},}wq
