@ARTICLE {Tesla,
    author  = "Lindholm, Erik and Nickolls, John and Oberman, Stuart and Montrym, John",
    title   = "NVIDIA Tesla: A Unified Graphics and Computing Architecture",
    journal = "IEEE Micro",
    publisher = "IEEE Computer Society",
    year    = "2008"
}

@INBOOK {Kilgariff,
    author    = "Kilgariff, Emmett and Fernando, Randima",
    title     = "GPU Gems 2",
    chapter   = "Chapter 30: The GeForce 6 Series GPU Architecture",
    publisher = "NVIDIA Corporation",
    year      = "2005"
}
